@article{royce,
    author  = "Royce, W",
    title   = "Managing the development of large software systems: Concepts and techniques",
    journal = "IEEE WESCOM",
    year    = "1970"
}

@book{defensesscienceboard,
    author    = "Brooks,FP and others",
    title     = "Defense Science Board Task Force Report on Military Software",
    year      = "1987",
    publisher = "Office of the Under Secretary of Defense for Acquisition",
    address   = "Washington,DC 20301"
}

@article{boehm,
    author  = "Boehm, B.W.",
    title   = "Managing the development of large software systems: Concepts and techniques",
    journal = "Computer, vol. 21",
    year    = "1988"
}

@book{peterson,
    author  = "K Petersen and C Wohlin and D Baca ",
    title   = "The Waterfall Model in Large-Scale Development",
    journal = " Lecture Notes in Business Information Processing, vol 32. ",
	address = "Berlin, Heidelberg",
	eds= "F Bomarius and M Oivo M and P Jaring and P Abrahamsson",
	publisher="Springer", 
    year    = "2009"
}
